
@book{koza92,
		author    = "Koza, John R.",
		title     = "Genetic Programming: On the Programming of Computers by Means of Natural Selection",
		publisher = "MIT Press",
		year      = "1992"
}


@misc{ wiki:latex,
       author = "Wikipedia",
       title = "LaTeX --- Wikipedia{,} La enciclopedia libre",
       year = "2015",
       url = "https://es.wikipedia.org/w/index.php?title=LaTeX&oldid=84209252",
       note = "[Internet; descargado 30-septiembre-2015]"
}

@online{pencil,
	title = {Home - Pencil Project},
	url = {https://pencil.evolus.vn/},
	urldate = {2020-06-21},
	file = {Home - Pencil Project:C\:\\Users\\pablo\\Zotero\\storage\\LPVZU463\\pencil.evolus.vn.html:text/html}
}


@online{mvc,
	title = {{MVC} (Model, View, Controller) explicado.},
	url = {https://codigofacilito.com/articulos/mvc-model-view-controller-explicado},
	abstract = {El {MVC} o Modelo-Vista-Controlador es un patrón de arquitectura de software que, utilizando 3 componentes (Vistas, Models y Controladores) separa la lógica de la aplicación de la lógica de la vista ...},
	titleaddon = {{CódigoFacilito}},
	urldate = {2020-06-26},
	langid = {spanish},
	note = {Library Catalog: codigofacilito.com},
	file = {Snapshot:C\:\\Users\\pablo\\Zotero\\storage\\RNYQNALC\\mvc-model-view-controller-explicado.html:text/html}
}